@article{scikit-learn,
    title={Scikit-learn: Machine Learning in Python},
    author={Pedregosa, F. and Varoquaux, G. and Gramfort, A. and Michel, V.
            and Thirion, B. and Grisel, O. and Blondel,
            M. and Prettenhofer, P. and Weiss, R. and Dubourg,
            V. and Vanderplas, J. and Passos, A. and Cournapeau,
            D. and Brucher, M. and Perrot, M. and Duchesnay, E.},
    journal={Journal of Machine Learning Research},
    volume={12},
    pages={2825--2830},
    year={2011}
}

@article{balanced-accuracy,
    author={Brodersen, Kay H. and Cheng Soon Ong and Klaas E. Stephan and Joachim M. Buhmann},
    year={2010},
    title={The balanced accuracy and its posterior distribution},
    doi={10.1109/ICPR.2010.764}
}
